@article{nordhaus2012,
  title={The effects of the international security environment on national military expenditures: A multicountry study},
  author={Nordhaus, William and Oneal, John R and Russett, Bruce},
  journal={International Organization},
  volume={66},
  number={3},
  pages={491--513},
  year={2012},
  publisher={Cambridge University Press}
}